@book{Dominguez2020,
    author = {Domínguez Chávez, Jorge},
    year = {2020},
    month = {04},
    pages = {84},
    title = {CLIENTE PSQL DE POSTGRESQL},
    isbn = {9789806366084}
}