@misc{ MariaDB.org,
       author = "MariaDB Foundation",
       title = "MariaDB.org",
       year = "2015",
       url = "https://mariadb.org/",
       note = "[Internet; acceso 05-diciembre-2022]"
}

@misc{ Postgresql.org,
       author = "The PostgreSQL Global Development Group",
       title = "PostgreSQL: The world’s most advanced open source database",
       year = "2019",
       url = "https://www.postgresql.org/",
       note = "[Internet; acceso 05-diciembre-2022]"
}

@book{Amat89,
		author    = "Nuria Amat Noguera",
		title     = "Documentación Científica y Nuevas Tecnologías de la Información",
		publisher = "DICIONES PIRÁMIDE S.A.",
		year      = "1989",
        address   = "Josefa Valcárcel, 27. 28027 Madrid",
        isbn      = "84-368-0379-5"
}


