@misc{ MariaDB.org,
       author = "MariaDB Foundation",
       title = "MariaDB.org",
       year = "2015",
       url = "https://mariadb.org/",
       note = "\url{https://mariadb.org/}. [Internet; acceso 05-diciembre-2022]"
}

@misc{ Postgresql.org,
       author = "The PostgreSQL Global Development Group",
       title = "PostgreSQL: The world’s most advanced open source database",
       year = "2019",
       url = "https://www.postgresql.org/",
       note = "\url{https://www.postgresql.org/}. [Internet; acceso 05-diciembre-2022]"
}

 @misc{scholarometer2018, 
    title={Crowdsource field annotations and measure universal citation impact}, url={https://scholarometer.indiana.edu/}, 
    publisher={The Trustees of Indiana University}, 
    year={2018},
    note={\url{https://scholarometer.indiana.edu/}}
} 

 @misc{pop2007, 
    title={Publish or perish}, 
    url={https://harzing.com/resources/publish-or-perish/}, 
    journal={Harzing.com}, 
    publisher={Harzing}, 
    author={Anne-Wil Harzing},
    year={2007},
    note={\url{https://harzing.com/resources/publish-or-perish/}. Last update on sun  6 nov 2022 14:58}
} 

@book{Amat1989,
		author    = "Nuria Amat Noguera",
		title     = "Documentación Científica y Nuevas Tecnologías de la Información",
		publisher = "EDICIONES PIRÁMIDE S.A.",
		year      = "1989",
        address   = "Josefa Valcárcel, 27. 28027 Madrid",
        isbn      = "84-368-0379-5"
}

@book{Turbanti2017,
    author = {Turbanti, Simona},
    address = {Italy},
    booktitle = {Bibliometria e scienze del libro : internazionalizzazione e vitalità degli studi Italiani},
    isbn = {9788864534671},
    language = {it},
    publisher = {Firenze University Press},
    series = {Studi e saggi ; 170},
    title = {Bibliometria e scienze del libro : internazionalizzazione e vitalità degli studi Italiani },
    year = {2017},
}

@book{Vitanov2016,
    author = {Vitanov, Nikolay K.},
    address = {Cham},
    booktitle = {Science Dynamics and Research Production Indicators, Indexes, Statistical Laws and Mathematical Models},
    edition = {1st ed. 2016.},
    isbn = {3-319-41631-6},
    keywords = {Statistics },
    language = {eng},
    publisher = {Springer International Publishing},
    series = {Qualitative and Quantitative Analysis of Scientific and Scholarly Communication},
    title = {Science Dynamics and Research Production Indicators, Indexes, Statistical Laws and Mathematical Models  },
    year = {2016},
}

@book{bjorneborn2004,
      title={Small-world link structures across an academic web space: a library and information science approach},
      author={Bj{\"o}rneborn, Lennart and others},
      isbn={87-7415-276-9},
      languaje={eng},
      year={2004},
      publisher={Citeseer}
}

@book{Svetla2022,
    author = {Baykoucheva, Svetla},
    address = {Cambridge, Massachusetts},
    booktitle = {Driving science information discovery in the digital age},
    isbn = {0-12-823724-4},
    keywords = {Research -- Information technology},
    language = {eng},
    publisher = {Chandos Publishing},
    series = {Chandos information professional series},
    title = {Driving science information discovery in the digital age },
    year = {2022},
}


@misc{ clarivate2019,
       author = "Web of Science Group",
       title = "Journal Citation Reports",
       year = "2019",
       url = "https://clarivate.com/webofsciencegroup/solutions/journal-citation-reports/",
       note = "\url{https://clarivate.com/webofsciencegroup/solutions/journal-citation-reports/}. [Internet; acceso 02-enero-2023]"
}


@book{mitchell2018,
  title={Web scraping with Python: Collecting more data from the modern web},
  author={Mitchell, Ryan},
  year={2018},
  publisher={O'Reilly Media, Inc.}
}

@article{zhao2017,
  title={Web scraping},
  author={Zhao, Bo},
  journal={Encyclopedia of big data},
  pages={1--3},
  year={2017},
  publisher={Springer Living ed. Cham}
}

@article{hirsch2005,
  title={An index to quantify an individual's scientific research output},
  author={Hirsch, Jorge E},
  journal={Proceedings of the National academy of Sciences},
  volume={102},
  number={46},
  pages={16569--16572},
  year={2005},
  publisher={National Acad Sciences}
}

@article{templ2020,
  title={Modeling and Prediction of the Impact Factor of Journals Using Open-Access Databases: With an Application to the Austrian Journal of Statistics},
  author={Templ, Matthias},
  journal={Austrian Journal of Statistics},
  volume={49},
  number={5},
  pages={35--58},
  year={2020}
}

@book{harzing2010,
  title={The publish or perish book},
  author={Harzing, Anne-Wil},
  year={2010},
  publisher={Tarma Software Research Pty Limited Melbourne},
  url={https://www.harzing.info/download/popbook12.pdf}
}


@inproceedings{pratiba2018,
  title={Web scraping and data acquisition using Google scholar},
  author={Pratiba, D and Abhay, MS and Dua, Akhil and Shanbhag, Giridhar K and Bhandari, Neel and SINGH, UTKARSH},
  booktitle={2018 3rd International Conference on Computational Systems and Information Technology for Sustainable Solutions (CSITSS)},
  pages={277--281},
  year={2018},
  organization={IEEE}
}

@incollection{lopez2017,
  title={Google Scholar: the big data bibliographic tool},
  author={L{\'o}pez-C{\'o}zar, Emilio Delgado and Ordu{\~n}a-Malea, Enrique and Mart{\'\i}n-Mart{\'\i}n, Alberto and Ayll{\'o}n, Juan M},
  booktitle={Research Analytics},
  pages={59--80},
  year={2017},
  publisher={Auerbach Publications}
}

@article{kaur2012,
  title={Scholarometer: A social framework for analyzing impact across disciplines},
  author={Kaur, Jasleen and Hoang, Diep Thi and Sun, Xiaoling and Possamai, Lino and JafariAsbagh, Mohsen and Patil, Snehal and Menczer, Filippo},
  year={2012},
  publisher={Public Library of Science San Francisco, USA}
}

@misc{Wade2020, title={Getting started with XGBoost in scikit-learn}, url={https://towardsdatascience.com/getting-started-with-xgboost-in-scikit-learn-f69f5f470a97}, journal={Towards Data Science}, author={Wade, Corey}, year={2020}, month={Nov},  note="\url{https://towardsdatascience.com/getting-started-with-xgboost-in-scikit-learn-f69f5f470a97}"} 


@article{fer2014,
  title={Do we need hundreds of classifiers to solve real world classification problems?},
  author={Fern{\'a}ndez-Delgado, Manuel and Cernadas, Eva and Barro, Sen{\'e}n and Amorim, Dinani},
  journal={The journal of machine learning research},
  volume={15},
  number={1},
  pages={3133--3181},
  year={2014},
  publisher={JMLR. org}
}

@article{naimi2018,
  title={Stacked generalization: an introduction to super learning},
  author={Naimi, Ashley I and Balzer, Laura B},
  journal={European journal of epidemiology},
  volume={33},
  pages={459--464},
  year={2018},
  publisher={Springer}
}

@misc{ accel2023,
    url={https://academic-accelerator.com/Impact-of-Journal/System}, 
    year={2023},
    title={Latest Journal’s impact IF - trend · prediction - academic accelerator},
    note = "\url{https://academic-accelerator.com/Impact-of-Journal/System}. [Internet; acceso 03-junio-2023]"
} 

@misc{jinja2, 
url={https://www.fullstackpython.com/jinja2.html}, 
title={Full Stack Python: Jinja2},  
note = "\url{https://www.fullstackpython.com/jinja2.html}. [Internet; acceso 07-junio-2023]"
} 

@misc{scholarly,
url={https://pypi.org/project/scholarly/}, 
title={PyPI, scholarly}, 
note = "\url{https://pypi.org/project/scholarly/}. [Internet; acceso 07-junio-2023]"
}

@misc{bs4, 
url={https://beautiful-soup-4.readthedocs.io/en/latest/}, title={Beautiful Soup Documentation - Beautiful Soup 4.4.0 documentation}, 
note = "\url{https://beautiful-soup-4.readthedocs.io/en/latest/}. [Internet; acceso 07-junio-2023]"
}

@misc{habanero, url={https://habanero.readthedocs.io/en/latest/}, 
title={habanero 1.2.3 documentation - habanero 1.2.3 documentation}, 
note = "\url{https://habanero.readthedocs.io/en/latest/}. [Internet; acceso 07-junio-2023]"
}

@misc{selenium, 
url={https://www.selenium.dev/selenium/docs/api/py/api.html}, title={Selenium Documentation - Selenium 4.9 documentation}, note = "\url{https://www.selenium.dev/selenium/docs/api/py/api.html}. [Internet; acceso 07-junio-2023]"
}

@misc{flask, 
url={https://flask.palletsprojects.com/en/2.3.x/}, 
title={Welcome to Flask - Flask Documentation (2.3.x)}, 
note = "\url{https://flask.palletsprojects.com/en/2.3.x/}. [Internet; acceso 07-junio-2023]"
}

@misc{psycopg2, 
url={https://www.psycopg.org/}, 
title={Psycopg2 Documentation}, 
note = "\url{https://www.psycopg.org/}. [Internet; acceso 07-junio-2023]"
}

@misc{unittest, 
url={https://docs.python.org/3/library/unittest.html}, title={Python Documentation}, 
note = "\url{https://docs.python.org/3/library/unittest.html}. [Internet; acceso 07-junio-2023]"
}

@misc{scikit, 
url={https://scikit-learn.org/stable/index.html},
title={Scikit-learn Documentation}, 
note = "\url{https://scikit-learn.org/stable/index.html}. [Internet; acceso 07-junio-2023]"
}

@misc{babel, 
url={https://babel.pocoo.org/en/latest/}, 
title={Babel Documentation}, 
note = "\url{https://babel.pocoo.org/en/latest/}. [Internet; acceso 07-junio-2023]"}

@misc{bug, 
    url="https://www.postgresql.org/docs/current/sql-syntax-lexical.html#SQL-SYNTAX-IDENTIFIERS", 
    title = "Postgres Documentation: Syntex Identifiers",
    year="2023",
    month="May",
    note = "\url{https://www.postgresql.org/docs/current/sql-syntax-lexical.html#SQL-SYNTAX-IDENTIFIERS}. [Internet; acceso 07-junio-2023]"
}

@misc{Zenhub,
    url="https://www.zenhub.com/", 
    journal="Zenhub",
    title = "ZhenHub",
    note = "\url{https://www.zenhub.com/}. [Internet; acceso 03-junio-2023]" 
} 




