@book{Dominguez2020,
    author = {Domínguez Chávez, Jorge},
    year = {2020},
    month = {04},
    pages = {84},
    title = {CLIENTE PSQL DE POSTGRESQL},
    isbn = {9789806366084}
}

@book{Palacio2022,
    author = {Marta Palacio},
    year = {2021},
    month = {06},
    pages = {80},
    title = {Scrum Master. Temario troncal 1.}
}

@book{costebeneficio2006, 
place={Upper Saddle River, NJ}, 
title={Cost-benefit analysis: Concepts and practice}, 
publisher={Prentice Hall}, 
author={Boardman, Anthony E. and Greenberg, David H. and Vining, Aidan R. and Weimar, David L.},
year={2006}
} 

@misc{IRPF,  
title = {Agencia Tributaria: IRPF},
url={https://sede.agenciatributaria.gob.es/Sede/irpf.html}, 
journal={Agencia Tributaria: IRPF}, 
publisher={Gobierno de España},
note={\url{https://sede.agenciatributaria.gob.es/Sede/irpf.html}}
} 

@misc{Cotización, 
title = {Seguridad Social: Cotización}, 
url={https://www.seg-social.es/wps/portal/wss/internet/Trabajadores/CotizacionRecaudacionTrabajadores/10721/10957/583}, 
journal={Seguridad Social: Cotización / Recaudación de Trabajadores},
note={\url{https://www.seg-social.es/wps/portal/wss/internet/Trabajadores/CotizacionRecaudacionTrabajadores/10721/10957/583}}
} 

@misc{ipyme, 
url={http://www.ipyme.org/es-ES/creaciondelaempresa/Paginas/Tramites.aspx}, 
title={Trámites para la puesta en marcha},
publisher={Gobierno de España},
note={\url{http://www.ipyme.org/es-ES/creaciondelaempresa/Paginas/Tramites.aspx}}
} 

@misc{Jobted, 
url={https://www.jobted.es/salario/programador}, 
title={Jobted. Slario Programador}, 
year = {2023},
note={\url{https://www.jobted.es/salario/programador}}
} 

@misc{jornadalaboral,
url={https://administracion.gob.es/pag_Home/Tu-espacio-europeo/derechos-obligaciones/ciudadanos/trabajo-jubilacion/condiciones-trabajo/jornada-permisos.html#-488e2841e18d}, title={Jornada laboral, permisos y vacaciones - Condiciones de trabajo, incluyendo trabajadores desplazados - Trabajo y jubilación - Ciudadanos - Tus derechos y obligaciones en la UE - Tu espacio europeo - Punto de Acceso General}, 
note={\url{https://administracion.gob.es/pag_Home/Tu-espacio-europeo/derechos-obligaciones/ciudadanos/trabajo-jubilacion/condiciones-trabajo/jornada-permisos.html#-488e2841e18d}}
} 

@misc{PayScale1, 
url={https://www.payscale.com/research/ES/Job=ScrumMaster/Salary}, title={PayScale. Scrum Manager Salary},
note={\url{https://www.payscale.com/research/ES/Job=ScrumMaster/Salary}}
} 

@misc{PayScale2, 
url={https://www.payscale.com/research/ES/Job=Product_Owner/Salary}, title={PayScale. Product Owner Salary},
note={\url{https://www.payscale.com/research/ES/Job=Product_Owner/Salary}}
} 

@misc{AEAT, 
url={https://sede.agenciatributaria.gob.es/Sede/Retenciones.shtml}, title={Agencia Tributaria: Retenciones},
note={\url{https://sede.agenciatributaria.gob.es/Sede/Retenciones.shtml}}
} 

@misc{HerokuPrecio, 
url={https://www.heroku.com/pricing},
title={Heroku pricing},
note={\url{https://www.heroku.com/pricing}}
} 

@misc{GitHubPrecio, 
url={https://github.com/pricing}, 
title={GitHub princing},
note={\url{https://github.com/pricing}}
} 

@misc{Debian, 
url={https://www.debian.org/intro/philosophy},
title={Debian. Our philosophy.},
note={\url{https://www.debian.org/intro/philosophy}}
} 

@misc{Rosa2020, 
title={Rest Api - Crossref}, 
url={https://www.crossref.org/documentation/retrieve-metadata/rest-api/},
journal={www.crossref.org}, 
author={Rosa-Clark}, 
year={2020},
month={Apr},
note={\url{https://www.crossref.org/documentation/retrieve-metadata/rest-api/}}
} 

@misc{Martins_2022, 
title={¿Qué es la metodología kanban y Cómo Funciona? [2022] • asana}, url={https://asana.com/es/resources/what-is-kanban}, 
journal={Asana}, publisher={Asana}, 
author={Martins, Julia}, 
year={2022}, 
month={Oct},
note={\url{https://asana.com/es/resources/what-is-kanban}}
} 

@misc{Asana_2022, 
title={Historias de Usuario: 3 ejemplos para generar valor para el Usuario [2022] • asana}, 
url={https://asana.com/es/resources/user-stories}, 
journal={Asana},
publisher={Asana}, 
author={Asana, Team},
year={2022}, 
month={Jan},
note={\url{https://asana.com/es/resources/user-stories}}
} 